\bibliographystyle{./IEEEtran}
\bibliography{./IEEEabrv,./works-cited.bib}

@book{AhoAlfredV1988C,
author = {A. V. Aho and R. Sethi and J. Ullman},
title = {Compilers: Principles, Techniques, and Tools},
publisher = {Addison-Wesley},
address = {Reading, MA},
year = {1988},
}

@electronic{QuickCheck, 
author = "K. Classen and N. Smallbone", 
title = "QuickCheck: Automatic testing of Haskell programs", 
month = "June",
year = "2019", 
url = "http://hackage.haskell.org/package/QuickCheck" 
}

@electronic{HaskeLLVM, 
author = "Stephen Diehl", 
title = "{Implementing a JIT Compiled Language with Haskell and LLVM}", 
month = "May",
year = "2017", 
url = "http://www.stephendiehl.com/llvm/" 
}

@electronic{Elm,
    title="{Elm: A delightful language for reliable webapps}",
    url= "https://elm-lang.org/"
}
@electronic{WxHaskell,
    title="{wxHaskell}",
    url="http://hackage.haskell.org/package/wx"
    }

@electronic{Threepenny,
    title="{threepenny-gui: GUI framework that uses the web browser as a display}",
    url="http://hackage.haskell.org/package/threepenny-gui"
}

@electronic{cabal,
  title="{The Haskell Cabal: Overview}",
  url="https://www.haskell.org/cabal/"
}
@electronic{cabal2,
    title="{Building Haskell Projects}",
    url="https://www.scs.stanford.edu/16wi-cs240h/labs/stack.html"
}
@electronic{LaTeX,
    title="{LaTeX- A Document Preparation System}",
    url="https://www.latex-project.org/"
}
@electronic{GUI,
    title="{On the state of GUI programming in Haskell}",
    url="http://keera.co.uk/blog/2014/05/23/state-gui-programming-haskell/"
}
@electronic{Nix,
    title="{Nix: The Purely Functional Package Manager}",
    url="https://nixos.org/nix/"
} 
@electronic{git,
    title="{Git}",
    url="https://git-scm.com/"
}
    
@electronic{Haskell,
    title="Haskell Language",
    url="https://www.haskell.org/"
}


@electronic{LLVM, 
author = "{LLVM Admin Team}", 
title = "{LLVM Homepage}", 
url = "https://llvm.org/" 
}

@electronic{Rose, 
title = "{Rose Homepage}", 
url = "http://rosecompiler.org/" 
}

@electronic{doctest, 
author = "S. Hengel", 
title = "doctest: Test interactive Haskell examples", 
month = "August",
year = "2019", 
url = "http://hackage.haskell.org/package/doctest"
}

@electronic{hspec, 
author = "Simon Hengel and Trystan Spangler and Greg Weber", 
title = "hspec: {A Testing Framework} for {Haskell}", 
month = "March",
year = "2019", 
url = "http://hackage.haskell.org/package/hspec"
}
@article{empiricalSyntax,
author = {Stefik, Andreas and Siebert, Susanna},
year = {2013},
month = {11},
pages = {},
title = {An Empirical Investigation into Programming Language Syntax},
volume = {13},
journal = {ACM Transactions on Computing Education (TOCE)},
doi = {10.1145/2534973}
}

@article{IEEEexample:article_typical,
author = "S. Zhang and C. Zhu and J. K. O. Sin
and P. K. T. Mok",
title
= "A Novel Ultrathin Elevated Channel
Low-temperature Poly-{Si} {TFT}",
journal = IEEE_J_EDL,
volume = "20",
month
= nov,
year
= "1999",
pages
= "569-571"
}

@book{IEEEexample:book_typical,
author
= "B. D. Cullity",
title
= "Introduction to Magnetic Materials",
publisher = "Addison-Wesley",
address
= "Reading, MA",
year
= "1972"
}

@electronic{haddock, 
title = "Haddock", 
url = "https://www.haskell.org/haddock/",
month = "April",
year = "2014"
}

@article{hess,
title="07 - The Bison Parser Generator.",
author="Rob W. Hess",
url="https://docs.google.com/document/d/19LCYNojTimpgpvrZu-pawIj0wfRXKZCKHVapwS2BxUI/edit",
month="May",
year="2019"
}

%Antlr.org. (2019). About The ANTLR Parser Generator. [online] Available at: https://www.antlr.org/about.html [Accessed 8 Nov. 2019].
@electronic{antlr,
title="About The ANTLR Parser Generator.",
url="https://www.antlr.org/about.html"
}

% Notional Machines Article
@article{notional_machines,
author = {Sorva, Juha},
year = {2013},
month = {06},
pages = {8:1-8:31},
title = {Notional Machines and Introductory Programming Education},
volume = {13},
journal = {ACM Transactions on Computing Education},
doi = {10.1145/2483710.2483713}
}

@electronic{flexive,
title="Flexive.org: The structure editor",
url="http://www.flexive.org/docs/3.2/website/adm_structure_editor_basics.html",
year="2019",
publisher="Flexive.org"
}

%4] Code, V. (2019). Language Extensions Overview. [online] Code.visualstudio.com. Available at: https://code.visualstudio.com/api/language-extensions/overview [Accessed 8 Nov. 2019]
@online{vscode,
title="Language Extensions Overview",
url="https://code.visualstudio.com/api/language-extensions/overview",
author="VS Code"
}

@online {bridge_language,
title="Lingua Franca",
url="https://www.britannica.com/topic/lingua-franca",
author="Encyclopedia Britannica"
}